@InCollection{rfc2094nll,
  author       = {Niko Matsakis},
  booktitle    = {The Rust RFC Book},
  title        = {2094-nll},
  year         = {2017},
  howpublished = {\url{https://rust-lang.github.io/rfcs/2094-nll.html}},
}

@Manual{gccint,
  title        = {GNU Compiler Collection Internals},
  author       = {Stallman, Richard M. and the GCC Developer Community},
  organization = {Free Software Foundation},
  year         = {2023},
}

@Misc{zulip,
  howpublished = {\url{https://gcc-rust.zulipchat.com/#narrow/stream/281658-compiler-development/topic/Borrowchecking.20vs.20.28H.29IR}},
}

@Manual{devguide,
  title        = {{R}ust {C}ompiler {D}evelopment {G}uide},
  organization = {rust-lang.org},
  howpublished = {\url{https://rustc-dev-guide.rust-lang.org/index.html}},
}

@Manual{llvm,
  title        = {Reference},
  edition      = {\url{https://llvm.org/docs/Reference.html}},
  organization = {LLVM Project},
  year         = {2023},
}

@Manual{polonius,
  title        = {The Polonius Book},
  author       = {Niko Matsakis and RÃ©my Rakic and others},
  organization = {rust-lang.org},
  year         = {2021},
}

 
@Article{Altidor2011,
  author    = {Altidor, John and Huang, Shan Shan and Smaragdakis, Yannis},
  journal   = {ACM SIGPLAN Notices},
  title     = {Taming the wildcards: combining definition- and use-site variance},
  year      = {2011},
  issn      = {1558-1160},
  month     = jun,
  number    = {6},
  pages     = {602--613},
  volume    = {46},
  doi       = {10.1145/1993316.1993569},
  publisher = {Association for Computing Machinery (ACM)},
}

@Manual{reference,
  title        = {The Rust Reference},
  note         = {\url{https://doc.rust-lang.org/reference/}},
  organization = {rust-lang.org},
  year         = {2023},
}

@Misc{polonius2,
  howpublished = {\url{https://smallcultfollowing.com/babysteps/blog/2023/09/22/polonius-part-1/}},
  note         = {[Accessed 19-12-2023]},
  title        = {{P}olonius revisited, part 1 \&#x{B}7; baby steps --- smallcultfollowing.com},
}

@Comment{jabref-meta: databaseType:bibtex;}
