@InCollection{rfc2094nll,
    author = {Niko Matsakis},
    booktitle = {The {R}ust {RFC} {B}ook},
    publisher = {Rust Foundation},
    title = {2094-nll},
    year = {2017},
    url = {https://rust-lang.github.io/rfcs/2094-nll.html},
    urldate = {2023-12-18},
}

@Manual{gccint,
    title = {{GNU} {C}ompiler {C}ollection {I}nternals},
    author = {Stallman, Richard M. and the GCC Developer Community},
    organization = {Free Software Foundation},
    year = {2023},
    edition = {14},
    url = {https://gcc.gnu.org/onlinedocs/gccint/},
    urldate = {2023-12-18},
}

@Misc{zulip,
    title = {{#}{c}ompiler-development > {B}orrowchecking vs ({H})IR - GCC Rust - Zulip},
    url = {https://gcc-rust.zulipchat.com/#narrow/stream/281658-compiler-development/topic/Borrowchecking.20vs.20.28H.29IR},
    urldate = {2023-12-05},
    date = {2023-09-05},
}

@Manual{devguide,
    title = {{R}ust {C}ompiler {D}evelopment {G}uide},
    organization = {Rust Foundation},
    url = {https://rustc-dev-guide.rust-lang.org/index.html},
    urldate = {2023-12-18},
    year = {2023},
}

@Manual{llvm,
    title = {Reference},
    url = {https://llvm.org/docs/Reference.html},
    urldate = {2023-12-15},
    organization = {LLVM Project},
    year = {2023},
}

@Misc{polonius,
    author = {Niko Matsakis and Rémy Rakic and others},
    title = {{T}he {P}olonius {B}ook},
    year = {2021},
    organization = {Rust Foundation},
}

@Article{Altidor2011,
    author = {Altidor, John and Huang, Shan Shan and Smaragdakis, Yannis},
    journal = {ACM SIGPLAN Notices},
    title = {Taming the wildcards: combining definition- and use-site variance},
    year = {2011},
    issn = {1558-1160},
    month = jun,
    number = {6},
    pages = {602--613},
    volume = {46},
    doi = {10.1145/1993316.1993569},
    publisher = {Association for Computing Machinery (ACM)},
}

@Manual{reference,
    title = {Reference},
    author = {{Rustc developers}},
    url = {https://doc.rust-lang.org/reference/},
    urldate = {2023-12-07},
    organization = {Rust Foundation},
    year = {2023},
}

@Misc{polonius2,
    author = {Niko Matsakis},
    url = {https://smallcultfollowing.com/babysteps/blog/2023/09/22/polonius-part-1/},
    date = {2023-09-22},
    urldate = {2023-12-17},
    title = {Polonius revisited, part 1},
}

@Misc{polonius3,
    author = {Niko Matsakis},
    url = {https://smallcultfollowing.com/babysteps/blog/2023/09/29/polonius-part-2/},
    date = {2023-09-29},
    urldate = {2023-12-30},
    title = {Polonius revisited, part 2},
}

@Manual{nsa,
    title = {{“Software Memory Safety”} {C}ybersecurity {I}nformation {S}heet},
    month = nov,
    organization = {The National Security Agency},
    year = {2022},
    url = {https://media.defense.gov/2022/nov/10/2003112742/-1/-1/0/csi_software_memory_safety.pdf},
    urldate = {2023-12-29},
}

@MastersThesis{Stjerna2020,
    author = {Albin Stjerna},
    school = {Uppsala University},
    title = {{M}odelling {R}ust’s {R}eference {O}wnership {A}nalysis {D}eclaratively in {D}atalog},
    year = {2020},
    month = jan,
    type = {mathesis},
    url = {https://www.diva-portal.org/smash/get/diva2:1684081/fulltext01.pdf},
    urldate = {2023-12-28},
}

@Misc{danglingpointer,
    author = {Mitre},
    url = {https://cwe.mitre.org/data/definitions/416.html},
    urldate = {2023-12-20},
    title = {CWE-416: Use After Free},
}

@Misc{poloniusSource,
    organization = {Rust Foundation},
    title = {Polonius},
    url = {https://github.com/rust-lang/polonius/},
    urldate = {2023-12-29},
}

@Misc{rustcSource,
    organization = {Rust Foundation},
    title = {Rust},
    url = {https://github.com/rust-lang/rust/},
    urldate = {2023-12-28},
}


@Comment{jabref-meta: databaseType:bibtex;}
